<record><leader>00000cas a22000007a 4500</leader><controlfield tag="001">16835409</controlfield><controlfield tag="008">871009d19161990ohuwn ne      0    0eng d</controlfield><datafield ind1=" " ind2=" " tag="010"><subfield code="a">sn 87076734 </subfield></datafield><datafield ind1=" " ind2=" " tag="040"><subfield code="a">ONP</subfield><subfield code="b">eng</subfield><subfield code="c">ONP</subfield><subfield code="d">OCLCQ</subfield></datafield><datafield ind1=" " ind2=" " tag="042"><subfield code="a">msc</subfield></datafield><datafield ind1="0" ind2=" " tag="130"><subfield code="a">Peninsular news (Marblehead, Ohio)</subfield></datafield><datafield ind1="1" ind2="4" tag="245"><subfield code="a">The Peninsular news.</subfield></datafield><datafield ind1=" " ind2=" " tag="260"><subfield code="a">Marblehead, Ohio :</subfield><subfield code="b">Peninsular Print. Co.,</subfield><subfield code="c">-1990.</subfield></datafield><datafield ind1=" " ind2=" " tag="300"><subfield code="a">v.</subfield></datafield><datafield ind1=" " ind2=" " tag="310"><subfield code="a">Weekly (except week after New Year's Day and the week after Labor Day)</subfield></datafield><datafield ind1="1" ind2=" " tag="362"><subfield code="a">Began in 1916.</subfield></datafield><datafield ind1="0" ind2=" " tag="362"><subfield code="a">-v. 20 no. 18 (May 3, 1990).</subfield></datafield><datafield ind1=" " ind2=" " tag="752"><subfield code="a">United States</subfield><subfield code="b">Ohio</subfield><subfield code="c">Ottawa</subfield><subfield code="d">Marblehead.</subfield></datafield><datafield ind1="0" ind2="4" tag="780"><subfield code="t">Lakeside courier</subfield><subfield code="w">(DLC)sn 89075114</subfield></datafield><datafield ind1="0" ind2="4" tag="780"><subfield code="t">Peninsula press</subfield></datafield><datafield ind1="0" ind2="0" tag="785"><subfield code="t">Peninsula news</subfield><subfield code="w">(DLC)sn 91069741</subfield></datafield></record>